<record xmlns='http://www.loc.gov/MARC21/slim'><leader>01065cim a22003132u 4500</leader><controlfield tag='001'>3601203</controlfield><controlfield tag='005'>20151214182815.0</controlfield><controlfield tag='007'>ss|lmnjluz|nuu</controlfield><controlfield tag='008'>991101s1984    nyunnn         l    eng d</controlfield><datafield ind1=' ' ind2=' ' tag='035'><subfield code='a'>(NIC)notisASF8268</subfield></datafield><datafield ind1=' ' ind2=' ' tag='035'><subfield code='a'>3601203</subfield></datafield><datafield ind1=' ' ind2=' ' tag='035'><subfield code='a'>(OCoLC)63897216</subfield></datafield><datafield ind1=' ' ind2=' ' tag='040'><subfield code='a'>NIC</subfield><subfield code='c'>NIC</subfield><subfield code='d'>NIC</subfield><subfield code='d'>NIC</subfield></datafield><datafield ind1='1' ind2=' ' tag='100'><subfield code='a'>Ikiriye, Akira.</subfield></datafield><datafield ind1='1' ind2='4' tag='245'><subfield code='a'>The westernization of Japan</subfield><subfield code='h'>[sound recording]</subfield></datafield><datafield ind1=' ' ind2=' ' tag='260'><subfield code='c'>1984.</subfield></datafield><datafield ind1=' ' ind2=' ' tag='300'><subfield code='a'>1 sound cassette (39 min.) :</subfield><subfield code='b'>analog, mono.</subfield></datafield><datafield ind1=' ' ind2=' ' tag='500'><subfield code='a'>Recorded in Ithaca, NY by Cornell University.</subfield></datafield><datafield ind1=' ' ind2=' ' tag='500'><subfield code='a'>Sponsored by: China- Japan Program.</subfield></datafield><datafield ind1=' ' ind2=' ' tag='518'><subfield code='a'>Lecture, September 28, 1984.</subfield></datafield><datafield ind1=' ' ind2=' ' tag='520'><subfield code='a'>Ikiriye discusses the increasing influence of Western culture on Japanese society.</subfield></datafield><datafield ind1=' ' ind2='0' tag='651'><subfield code='a'>Japan</subfield><subfield code='x'>Social conditions.</subfield></datafield><datafield ind1=' ' ind2='0' tag='651'><subfield code='a'>Japan</subfield><subfield code='x'>Occidental influences</subfield><subfield code='y'>20th century.</subfield></datafield><datafield ind1=' ' ind2='7' tag='648'><subfield code='a'>1900 - 1999</subfield><subfield code='2'>fast</subfield></datafield><datafield ind1=' ' ind2='7' tag='650'><subfield code='a'>Social history</subfield><subfield code='2'>fast</subfield><subfield code='0'>(OCoLC)fst01122498</subfield></datafield><datafield ind1=' ' ind2='7' tag='651'><subfield code='a'>Japan</subfield><subfield code='2'>fast</subfield><subfield code='0'>(OCoLC)fst01204082</subfield></datafield><datafield ind1='1' ind2=' ' tag='899'><subfield code='a'>CULectures</subfield></datafield><datafield ind1=' ' ind2=' ' tag='905'><subfield code='a'>20000428120000.0</subfield></datafield><datafield ind1='2' ind2=' ' tag='948'><subfield code='a'>20141221</subfield><subfield code='b'>m</subfield><subfield code='d'>batch</subfield><subfield code='e'>lts</subfield><subfield code='x'>addfast</subfield></datafield></record>